@article{scikit-learn,
  title={Scikit-learn: Machine Learning in {P}ython},
  author={Pedregosa, F. and Varoquaux, G. and Gramfort, A. and Michel, V.
    and Thirion, B. and Grisel, O. and Blondel, M. and Prettenhofer, P.
    and Weiss, R. and Dubourg, V. and Vanderplas, J. and Passos, A. and
    Cournapeau, D. and Brucher, M. and Perrot, M. and Duchesnay, E.},
  journal={Journal of Machine Learning Research},
  volume={12},
  pages={2825--2830},
  year={2011}
}

@article{senspec,
  title={Understanding and using sensitivity, specificity and predictive values},
  author={Parikh, R. and Mathai, A. and Sekhar, G. C. and Thomas, R.},
  journal={Indian Journal of Ophthalmology},
  volume={56},
  pages={45--50},
  year={2012},
  note={\url{http://www.ncbi.nlm.nih.gov/pmc/articles/PMC2636062/}}
}

@book{bishop,
  Abstract = {{The field of pattern recognition has undergone substantial development over the years. This book reflects these developments while providing a grounding in the basic concepts of pattern recognition and machine learning. It is aimed at advanced undergraduates or first year PhD students, as well as researchers and practitioners.}},
  Author = {Bishop, Christopher M.},
  Citeulike-Article-Id = {873540},
  Day = {01},
  Edition = {1st ed. 2006. Corr. 2nd printing 2011},
  Howpublished = {Hardcover},
  Isbn = {0387310738},
  Keywords = {book, machine\_learning, pattern\_classification},
  Month = oct,
  Posted-At = {2007-10-28 16:57:29},
  Priority = {0},
  Publisher = {Springer},
  Title = {{Pattern Recognition and Machine Learning (Information Science and Statistics)}},
  Url = {http://www.worldcat.org/isbn/0387310738},
  Year = {2007},
  Bdsk-Url-1 = {http://www.worldcat.org/isbn/0387310738}
}

@misc{langford,
  title={Clever Methods of Overfitting},
  author={Langford, J.},
  month={feb},
  year={2005},
  howpublished={\url{http://hunch.net/?p=22}}
}
